%YAML 1.1
%TAG !u! tag:unity3d.com,2011:
--- !u!241 &24100000
AudioMixerController:
  m_ObjectHideFlags: 0
  m_CorrespondingSourceObject: {fileID: 0}
  m_PrefabInternal: {fileID: 0}
  m_Name: MyMixer
  m_OutputGroup: {fileID: 0}
  m_MasterGroup: {fileID: 24300002}
  m_Snapshots:
  - {fileID: 24500006}
  m_StartSnapshot: {fileID: 24500006}
  m_SuspendThreshold: -80
  m_EnableSuspend: 1
  m_UpdateMode: 0
  m_ExposedParameters: []
  m_AudioMixerGroupViews:
  - guids:
    - 0cb669fa9a480c04db23ce6ad7de6b82
    - 5f2bff4b78a0649419b9164dd281e854
    - eba9a17b1b70b404e94000495558d717
    - b7dda1336b14bb844b5807c4aa612def
    name: View
  m_CurrentViewIndex: 0
  m_TargetSnapshot: {fileID: 24500006}
--- !u!243 &24300002
AudioMixerGroupController:
  m_ObjectHideFlags: 0
  m_CorrespondingSourceObject: {fileID: 0}
  m_PrefabInternal: {fileID: 0}
  m_Name: Master
  m_AudioMixer: {fileID: 24100000}
  m_GroupID: 0cb669fa9a480c04db23ce6ad7de6b82
  m_Children:
  - {fileID: 243023042320728372}
  - {fileID: 243736907604422830}
  - {fileID: 243514941420207160}
  m_Volume: 7e729d88e26c8ac4a935a988a6a2e993
  m_Pitch: bcb2a4e3c277cda4e87dc287da337510
  m_Effects:
  - {fileID: 24400004}
  m_UserColorIndex: 0
  m_Mute: 0
  m_Solo: 0
  m_BypassEffects: 0
--- !u!244 &24400004
AudioMixerEffectController:
  m_ObjectHideFlags: 3
  m_CorrespondingSourceObject: {fileID: 0}
  m_PrefabInternal: {fileID: 0}
  m_Name: 
  m_EffectID: f6e6b3f04c2a6654b91f74c3e4bce1fb
  m_EffectName: Attenuation
  m_MixLevel: ec9e5280c8c235146bb1476e055be868
  m_Parameters: []
  m_SendTarget: {fileID: 0}
  m_EnableWetMix: 0
  m_Bypass: 0
--- !u!245 &24500006
AudioMixerSnapshotController:
  m_ObjectHideFlags: 0
  m_CorrespondingSourceObject: {fileID: 0}
  m_PrefabInternal: {fileID: 0}
  m_Name: Snapshot
  m_AudioMixer: {fileID: 24100000}
  m_SnapshotID: bca148ac845ca5742986e9eccd7d2846
  m_FloatValues:
    c7bb33ac8f965dc408f16092ce9836bc: -19.928473
  m_TransitionOverrides: {}
--- !u!243 &243023042320728372
AudioMixerGroupController:
  m_ObjectHideFlags: 0
  m_CorrespondingSourceObject: {fileID: 0}
  m_PrefabInternal: {fileID: 0}
  m_Name: Ambient
  m_AudioMixer: {fileID: 24100000}
  m_GroupID: eba9a17b1b70b404e94000495558d717
  m_Children: []
  m_Volume: c7bb33ac8f965dc408f16092ce9836bc
  m_Pitch: 43248c086d0af904a8d8b76ac6afb694
  m_Effects:
  - {fileID: 244081033547524274}
  m_UserColorIndex: 0
  m_Mute: 0
  m_Solo: 0
  m_BypassEffects: 0
--- !u!243 &243514941420207160
AudioMixerGroupController:
  m_ObjectHideFlags: 0
  m_CorrespondingSourceObject: {fileID: 0}
  m_PrefabInternal: {fileID: 0}
  m_Name: UI
  m_AudioMixer: {fileID: 24100000}
  m_GroupID: 5f2bff4b78a0649419b9164dd281e854
  m_Children: []
  m_Volume: bff82b1b8f9089b42b2d812573f05a1d
  m_Pitch: f371b95e0b8350e4f964f04b1ec5e92d
  m_Effects:
  - {fileID: 244984655018057440}
  m_UserColorIndex: 0
  m_Mute: 0
  m_Solo: 0
  m_BypassEffects: 0
--- !u!243 &243736907604422830
AudioMixerGroupController:
  m_ObjectHideFlags: 0
  m_CorrespondingSourceObject: {fileID: 0}
  m_PrefabInternal: {fileID: 0}
  m_Name: Music
  m_AudioMixer: {fileID: 24100000}
  m_GroupID: b7dda1336b14bb844b5807c4aa612def
  m_Children: []
  m_Volume: 1da8c44feeb359d44869bc171b0dc993
  m_Pitch: 09d22fc36c1a40f468e53135f2dbd278
  m_Effects:
  - {fileID: 244305311163178202}
  m_UserColorIndex: 0
  m_Mute: 0
  m_Solo: 0
  m_BypassEffects: 0
--- !u!244 &244081033547524274
AudioMixerEffectController:
  m_ObjectHideFlags: 3
  m_CorrespondingSourceObject: {fileID: 0}
  m_PrefabInternal: {fileID: 0}
  m_Name: 
  m_EffectID: 8134eeb8f2fd8884283e1f313bd8031b
  m_EffectName: Attenuation
  m_MixLevel: a3c68f47e518338488e60667316cabb6
  m_Parameters: []
  m_SendTarget: {fileID: 0}
  m_EnableWetMix: 0
  m_Bypass: 0
--- !u!244 &244305311163178202
AudioMixerEffectController:
  m_ObjectHideFlags: 3
  m_CorrespondingSourceObject: {fileID: 0}
  m_PrefabInternal: {fileID: 0}
  m_Name: 
  m_EffectID: ed77694effc9ceb479f88a63546622ee
  m_EffectName: Attenuation
  m_MixLevel: b9fc6fc5531ce0c459ba073f3789ac88
  m_Parameters: []
  m_SendTarget: {fileID: 0}
  m_EnableWetMix: 0
  m_Bypass: 0
--- !u!244 &244984655018057440
AudioMixerEffectController:
  m_ObjectHideFlags: 3
  m_CorrespondingSourceObject: {fileID: 0}
  m_PrefabInternal: {fileID: 0}
  m_Name: 
  m_EffectID: 170048d46f920134991395a1fe7817de
  m_EffectName: Attenuation
  m_MixLevel: 3b9bcf010ce38f44696a7bd74f839f75
  m_Parameters: []
  m_SendTarget: {fileID: 0}
  m_EnableWetMix: 0
  m_Bypass: 0
