%YAML 1.1
%TAG !u! tag:unity3d.com,2011:
--- !u!29 &1
OcclusionCullingSettings:
  m_ObjectHideFlags: 0
  serializedVersion: 2
  m_OcclusionBakeSettings:
    smallestOccluder: 5
    smallestHole: 0.25
    backfaceThreshold: 100
  m_SceneGUID: 00000000000000000000000000000000
  m_OcclusionCullingData: {fileID: 0}
--- !u!104 &2
RenderSettings:
  m_ObjectHideFlags: 0
  serializedVersion: 9
  m_Fog: 0
  m_FogColor: {r: 0.5, g: 0.5, b: 0.5, a: 1}
  m_FogMode: 3
  m_FogDensity: 0.01
  m_LinearFogStart: 0
  m_LinearFogEnd: 300
  m_AmbientSkyColor: {r: 0.212, g: 0.227, b: 0.259, a: 1}
  m_AmbientEquatorColor: {r: 0.114, g: 0.125, b: 0.133, a: 1}
  m_AmbientGroundColor: {r: 0.047, g: 0.043, b: 0.035, a: 1}
  m_AmbientIntensity: 1
  m_AmbientMode: 3
  m_SubtractiveShadowColor: {r: 0.42, g: 0.478, b: 0.627, a: 1}
  m_SkyboxMaterial: {fileID: 0}
  m_HaloStrength: 0.5
  m_FlareStrength: 1
  m_FlareFadeSpeed: 3
  m_HaloTexture: {fileID: 0}
  m_SpotCookie: {fileID: 10001, guid: 0000000000000000e000000000000000, type: 0}
  m_DefaultReflectionMode: 0
  m_DefaultReflectionResolution: 128
  m_ReflectionBounces: 1
  m_ReflectionIntensity: 1
  m_CustomReflection: {fileID: 0}
  m_Sun: {fileID: 0}
  m_IndirectSpecularColor: {r: 0, g: 0, b: 0, a: 1}
  m_UseRadianceAmbientProbe: 0
--- !u!157 &3
LightmapSettings:
  m_ObjectHideFlags: 0
  serializedVersion: 11
  m_GIWorkflowMode: 1
  m_GISettings:
    serializedVersion: 2
    m_BounceScale: 1
    m_IndirectOutputScale: 1
    m_AlbedoBoost: 1
    m_TemporalCoherenceThreshold: 1
    m_EnvironmentLightingMode: 0
    m_EnableBakedLightmaps: 0
    m_EnableRealtimeLightmaps: 0
  m_LightmapEditorSettings:
    serializedVersion: 10
    m_Resolution: 2
    m_BakeResolution: 40
    m_AtlasSize: 1024
    m_AO: 0
    m_AOMaxDistance: 1
    m_CompAOExponent: 1
    m_CompAOExponentDirect: 0
    m_Padding: 2
    m_LightmapParameters: {fileID: 0}
    m_LightmapsBakeMode: 1
    m_TextureCompression: 1
    m_FinalGather: 0
    m_FinalGatherFiltering: 1
    m_FinalGatherRayCount: 256
    m_ReflectionCompression: 2
    m_MixedBakeMode: 2
    m_BakeBackend: 1
    m_PVRSampling: 1
    m_PVRDirectSampleCount: 32
    m_PVRSampleCount: 500
    m_PVRBounces: 2
    m_PVRFilterTypeDirect: 0
    m_PVRFilterTypeIndirect: 0
    m_PVRFilterTypeAO: 0
    m_PVRFilteringMode: 1
    m_PVRCulling: 1
    m_PVRFilteringGaussRadiusDirect: 1
    m_PVRFilteringGaussRadiusIndirect: 5
    m_PVRFilteringGaussRadiusAO: 2
    m_PVRFilteringAtrousPositionSigmaDirect: 0.5
    m_PVRFilteringAtrousPositionSigmaIndirect: 2
    m_PVRFilteringAtrousPositionSigmaAO: 1
    m_ShowResolutionOverlay: 1
  m_LightingDataAsset: {fileID: 0}
  m_UseShadowmask: 1
--- !u!196 &4
NavMeshSettings:
  serializedVersion: 2
  m_ObjectHideFlags: 0
  m_BuildSettings:
    serializedVersion: 2
    agentTypeID: 0
    agentRadius: 0.5
    agentHeight: 2
    agentSlope: 45
    agentClimb: 0.4
    ledgeDropHeight: 0
    maxJumpAcrossDistance: 0
    minRegionArea: 2
    manualCellSize: 0
    cellSize: 0.16666667
    manualTileSize: 0
    tileSize: 256
    accuratePlacement: 0
    debug:
      m_Flags: 0
  m_NavMeshData: {fileID: 0}
--- !u!1001 &85404402
Prefab:
  m_ObjectHideFlags: 0
  serializedVersion: 2
  m_Modification:
    m_TransformParent: {fileID: 0}
    m_Modifications:
    - target: {fileID: 4784182381999656, guid: c9abe300c95e7c9458bde66aab3c7d1d, type: 2}
      propertyPath: m_LocalPosition.x
      value: 5.25
      objectReference: {fileID: 0}
    - target: {fileID: 4784182381999656, guid: c9abe300c95e7c9458bde66aab3c7d1d, type: 2}
      propertyPath: m_LocalPosition.y
      value: 3.28
      objectReference: {fileID: 0}
    - target: {fileID: 4784182381999656, guid: c9abe300c95e7c9458bde66aab3c7d1d, type: 2}
      propertyPath: m_LocalPosition.z
      value: 0
      objectReference: {fileID: 0}
    - target: {fileID: 4784182381999656, guid: c9abe300c95e7c9458bde66aab3c7d1d, type: 2}
      propertyPath: m_LocalRotation.x
      value: -0
      objectReference: {fileID: 0}
    - target: {fileID: 4784182381999656, guid: c9abe300c95e7c9458bde66aab3c7d1d, type: 2}
      propertyPath: m_LocalRotation.y
      value: -0
      objectReference: {fileID: 0}
    - target: {fileID: 4784182381999656, guid: c9abe300c95e7c9458bde66aab3c7d1d, type: 2}
      propertyPath: m_LocalRotation.z
      value: -0
      objectReference: {fileID: 0}
    - target: {fileID: 4784182381999656, guid: c9abe300c95e7c9458bde66aab3c7d1d, type: 2}
      propertyPath: m_LocalRotation.w
      value: 1
      objectReference: {fileID: 0}
    - target: {fileID: 4784182381999656, guid: c9abe300c95e7c9458bde66aab3c7d1d, type: 2}
      propertyPath: m_RootOrder
      value: 3
      objectReference: {fileID: 0}
    - target: {fileID: 95614468778674906, guid: c9abe300c95e7c9458bde66aab3c7d1d,
        type: 2}
      propertyPath: m_Controller
      value: 
      objectReference: {fileID: 9100000, guid: 0d1f8408e0b361f43b0cf92db77209e9, type: 2}
    - target: {fileID: 58662437313207954, guid: c9abe300c95e7c9458bde66aab3c7d1d,
        type: 2}
      propertyPath: m_Enabled
      value: 0
      objectReference: {fileID: 0}
    - target: {fileID: 95614468778674906, guid: c9abe300c95e7c9458bde66aab3c7d1d,
        type: 2}
      propertyPath: m_Enabled
      value: 1
      objectReference: {fileID: 0}
    - target: {fileID: 212657027681492876, guid: c9abe300c95e7c9458bde66aab3c7d1d,
        type: 2}
      propertyPath: m_SortingLayerID
      value: 0
      objectReference: {fileID: 0}
    - target: {fileID: 212657027681492876, guid: c9abe300c95e7c9458bde66aab3c7d1d,
        type: 2}
      propertyPath: m_SortingLayer
      value: 0
      objectReference: {fileID: 0}
    m_RemovedComponents: []
  m_SourcePrefab: {fileID: 100100000, guid: c9abe300c95e7c9458bde66aab3c7d1d, type: 2}
  m_IsPrefabAsset: 0
--- !u!1001 &211548981
Prefab:
  m_ObjectHideFlags: 0
  serializedVersion: 2
  m_Modification:
    m_TransformParent: {fileID: 0}
    m_Modifications:
    - target: {fileID: 4536674508268098, guid: c1f606198a65b7b458195d4c3782a01c, type: 2}
      propertyPath: m_LocalPosition.x
      value: -5.869
      objectReference: {fileID: 0}
    - target: {fileID: 4536674508268098, guid: c1f606198a65b7b458195d4c3782a01c, type: 2}
      propertyPath: m_LocalPosition.y
      value: -0.568
      objectReference: {fileID: 0}
    - target: {fileID: 4536674508268098, guid: c1f606198a65b7b458195d4c3782a01c, type: 2}
      propertyPath: m_LocalPosition.z
      value: 0
      objectReference: {fileID: 0}
    - target: {fileID: 4536674508268098, guid: c1f606198a65b7b458195d4c3782a01c, type: 2}
      propertyPath: m_LocalRotation.x
      value: -0
      objectReference: {fileID: 0}
    - target: {fileID: 4536674508268098, guid: c1f606198a65b7b458195d4c3782a01c, type: 2}
      propertyPath: m_LocalRotation.y
      value: -0
      objectReference: {fileID: 0}
    - target: {fileID: 4536674508268098, guid: c1f606198a65b7b458195d4c3782a01c, type: 2}
      propertyPath: m_LocalRotation.z
      value: -0
      objectReference: {fileID: 0}
    - target: {fileID: 4536674508268098, guid: c1f606198a65b7b458195d4c3782a01c, type: 2}
      propertyPath: m_LocalRotation.w
      value: 1
      objectReference: {fileID: 0}
    - target: {fileID: 4536674508268098, guid: c1f606198a65b7b458195d4c3782a01c, type: 2}
      propertyPath: m_RootOrder
      value: 5
      objectReference: {fileID: 0}
    m_RemovedComponents: []
  m_SourcePrefab: {fileID: 100100000, guid: c1f606198a65b7b458195d4c3782a01c, type: 2}
  m_IsPrefabAsset: 0
--- !u!1 &289235477
GameObject:
  m_ObjectHideFlags: 0
  m_CorrespondingSourceObject: {fileID: 0}
  m_PrefabInternal: {fileID: 0}
  serializedVersion: 6
  m_Component:
  - component: {fileID: 289235479}
  - component: {fileID: 289235478}
  m_Layer: 0
  m_Name: Woods_background
  m_TagString: Untagged
  m_Icon: {fileID: 0}
  m_NavMeshLayer: 0
  m_StaticEditorFlags: 0
  m_IsActive: 1
--- !u!212 &289235478
SpriteRenderer:
  m_ObjectHideFlags: 0
  m_CorrespondingSourceObject: {fileID: 0}
  m_PrefabInternal: {fileID: 0}
  m_GameObject: {fileID: 289235477}
  m_Enabled: 1
  m_CastShadows: 0
  m_ReceiveShadows: 0
  m_DynamicOccludee: 1
  m_MotionVectors: 1
  m_LightProbeUsage: 1
  m_ReflectionProbeUsage: 1
  m_RenderingLayerMask: 4294967295
  m_Materials:
  - {fileID: 10754, guid: 0000000000000000f000000000000000, type: 0}
  m_StaticBatchInfo:
    firstSubMesh: 0
    subMeshCount: 0
  m_StaticBatchRoot: {fileID: 0}
  m_ProbeAnchor: {fileID: 0}
  m_LightProbeVolumeOverride: {fileID: 0}
  m_ScaleInLightmap: 1
  m_PreserveUVs: 0
  m_IgnoreNormalsForChartDetection: 0
  m_ImportantGI: 0
  m_StitchLightmapSeams: 0
  m_SelectedEditorRenderState: 0
  m_MinimumChartSize: 4
  m_AutoUVMaxDistance: 0.5
  m_AutoUVMaxAngle: 89
  m_LightmapParameters: {fileID: 0}
  m_SortingLayerID: 0
  m_SortingLayer: 0
  m_SortingOrder: -100
  m_Sprite: {fileID: 21300000, guid: f5e18525a77fd2247aa80dda4353322f, type: 3}
  m_Color: {r: 1, g: 1, b: 1, a: 1}
  m_FlipX: 0
  m_FlipY: 0
  m_DrawMode: 0
  m_Size: {x: 64, y: 32}
  m_AdaptiveModeThreshold: 0.5
  m_SpriteTileMode: 0
  m_WasSpriteAssigned: 1
  m_MaskInteraction: 0
  m_SpriteSortPoint: 0
--- !u!4 &289235479
Transform:
  m_ObjectHideFlags: 0
  m_CorrespondingSourceObject: {fileID: 0}
  m_PrefabInternal: {fileID: 0}
  m_GameObject: {fileID: 289235477}
  m_LocalRotation: {x: 0, y: 0, z: 0, w: 1}
  m_LocalPosition: {x: 0, y: 10.93, z: 0}
  m_LocalScale: {x: 1, y: 1, z: 1}
  m_Children: []
  m_Father: {fileID: 0}
  m_RootOrder: 4
  m_LocalEulerAnglesHint: {x: 0, y: 0, z: 0}
--- !u!1 &373165608
GameObject:
  m_ObjectHideFlags: 0
  m_CorrespondingSourceObject: {fileID: 0}
  m_PrefabInternal: {fileID: 0}
  serializedVersion: 6
  m_Component:
  - component: {fileID: 373165611}
  - component: {fileID: 373165610}
  - component: {fileID: 373165609}
  m_Layer: 0
  m_Name: logros_18
  m_TagString: Untagged
  m_Icon: {fileID: 0}
  m_NavMeshLayer: 0
  m_StaticEditorFlags: 0
  m_IsActive: 1
--- !u!95 &373165609
Animator:
  serializedVersion: 3
  m_ObjectHideFlags: 0
  m_CorrespondingSourceObject: {fileID: 0}
  m_PrefabInternal: {fileID: 0}
  m_GameObject: {fileID: 373165608}
  m_Enabled: 1
  m_Avatar: {fileID: 0}
  m_Controller: {fileID: 9100000, guid: 1e9e1848a3f647449bd0f45d1d09685a, type: 2}
  m_CullingMode: 0
  m_UpdateMode: 0
  m_ApplyRootMotion: 0
  m_LinearVelocityBlending: 0
  m_WarningMessage: 
  m_HasTransformHierarchy: 1
  m_AllowConstantClipSamplingOptimization: 1
  m_KeepAnimatorControllerStateOnDisable: 0
--- !u!212 &373165610
SpriteRenderer:
  m_ObjectHideFlags: 0
  m_CorrespondingSourceObject: {fileID: 0}
  m_PrefabInternal: {fileID: 0}
  m_GameObject: {fileID: 373165608}
  m_Enabled: 1
  m_CastShadows: 0
  m_ReceiveShadows: 0
  m_DynamicOccludee: 1
  m_MotionVectors: 1
  m_LightProbeUsage: 1
  m_ReflectionProbeUsage: 1
  m_RenderingLayerMask: 4294967295
  m_Materials:
  - {fileID: 10754, guid: 0000000000000000f000000000000000, type: 0}
  m_StaticBatchInfo:
    firstSubMesh: 0
    subMeshCount: 0
  m_StaticBatchRoot: {fileID: 0}
  m_ProbeAnchor: {fileID: 0}
  m_LightProbeVolumeOverride: {fileID: 0}
  m_ScaleInLightmap: 1
  m_PreserveUVs: 0
  m_IgnoreNormalsForChartDetection: 0
  m_ImportantGI: 0
  m_StitchLightmapSeams: 0
  m_SelectedEditorRenderState: 0
  m_MinimumChartSize: 4
  m_AutoUVMaxDistance: 0.5
  m_AutoUVMaxAngle: 89
  m_LightmapParameters: {fileID: 0}
  m_SortingLayerID: 0
  m_SortingLayer: 0
  m_SortingOrder: 0
  m_Sprite: {fileID: 21300004, guid: ff9fd65644fbd414ba8c2bbd0eee369e, type: 3}
  m_Color: {r: 1, g: 1, b: 1, a: 1}
  m_FlipX: 0
  m_FlipY: 0
  m_DrawMode: 0
  m_Size: {x: 0.32, y: 0.32}
  m_AdaptiveModeThreshold: 0.5
  m_SpriteTileMode: 0
  m_WasSpriteAssigned: 1
  m_MaskInteraction: 0
  m_SpriteSortPoint: 0
--- !u!4 &373165611
Transform:
  m_ObjectHideFlags: 0
  m_CorrespondingSourceObject: {fileID: 0}
  m_PrefabInternal: {fileID: 0}
  m_GameObject: {fileID: 373165608}
  m_LocalRotation: {x: 0, y: 0, z: 0, w: 1}
  m_LocalPosition: {x: -3.2036426, y: -0.32387948, z: 0}
  m_LocalScale: {x: 1, y: 1, z: 1}
  m_Children: []
  m_Father: {fileID: 0}
  m_RootOrder: 7
  m_LocalEulerAnglesHint: {x: 0, y: 0, z: 0}
--- !u!1001 &588251452
Prefab:
  m_ObjectHideFlags: 0
  serializedVersion: 2
  m_Modification:
    m_TransformParent: {fileID: 0}
    m_Modifications:
    - target: {fileID: 4756491047610162, guid: b451970403b6ae74d994e8709ebed36b, type: 2}
      propertyPath: m_LocalPosition.x
      value: 1.33
      objectReference: {fileID: 0}
    - target: {fileID: 4756491047610162, guid: b451970403b6ae74d994e8709ebed36b, type: 2}
      propertyPath: m_LocalPosition.y
      value: -0.19293118
      objectReference: {fileID: 0}
    - target: {fileID: 4756491047610162, guid: b451970403b6ae74d994e8709ebed36b, type: 2}
      propertyPath: m_LocalPosition.z
      value: 0
      objectReference: {fileID: 0}
    - target: {fileID: 4756491047610162, guid: b451970403b6ae74d994e8709ebed36b, type: 2}
      propertyPath: m_LocalRotation.x
      value: 0
      objectReference: {fileID: 0}
    - target: {fileID: 4756491047610162, guid: b451970403b6ae74d994e8709ebed36b, type: 2}
      propertyPath: m_LocalRotation.y
      value: 0
      objectReference: {fileID: 0}
    - target: {fileID: 4756491047610162, guid: b451970403b6ae74d994e8709ebed36b, type: 2}
      propertyPath: m_LocalRotation.z
      value: 0
      objectReference: {fileID: 0}
    - target: {fileID: 4756491047610162, guid: b451970403b6ae74d994e8709ebed36b, type: 2}
      propertyPath: m_LocalRotation.w
      value: 1
      objectReference: {fileID: 0}
    - target: {fileID: 4756491047610162, guid: b451970403b6ae74d994e8709ebed36b, type: 2}
      propertyPath: m_RootOrder
      value: 2
      objectReference: {fileID: 0}
    m_RemovedComponents: []
  m_SourcePrefab: {fileID: 100100000, guid: b451970403b6ae74d994e8709ebed36b, type: 2}
  m_IsPrefabAsset: 0
--- !u!1001 &689373703
Prefab:
  m_ObjectHideFlags: 0
  serializedVersion: 2
  m_Modification:
    m_TransformParent: {fileID: 0}
    m_Modifications:
    - target: {fileID: 4865275480502538, guid: e5a39c5851b88814ebcb8e13737f7e1c, type: 2}
      propertyPath: m_LocalPosition.x
      value: -5.213
      objectReference: {fileID: 0}
    - target: {fileID: 4865275480502538, guid: e5a39c5851b88814ebcb8e13737f7e1c, type: 2}
      propertyPath: m_LocalPosition.y
      value: -0.22
      objectReference: {fileID: 0}
    - target: {fileID: 4865275480502538, guid: e5a39c5851b88814ebcb8e13737f7e1c, type: 2}
      propertyPath: m_LocalPosition.z
      value: 0.11150262
      objectReference: {fileID: 0}
    - target: {fileID: 4865275480502538, guid: e5a39c5851b88814ebcb8e13737f7e1c, type: 2}
      propertyPath: m_LocalRotation.x
      value: 0
      objectReference: {fileID: 0}
    - target: {fileID: 4865275480502538, guid: e5a39c5851b88814ebcb8e13737f7e1c, type: 2}
      propertyPath: m_LocalRotation.y
      value: 0
      objectReference: {fileID: 0}
    - target: {fileID: 4865275480502538, guid: e5a39c5851b88814ebcb8e13737f7e1c, type: 2}
      propertyPath: m_LocalRotation.z
      value: 0
      objectReference: {fileID: 0}
    - target: {fileID: 4865275480502538, guid: e5a39c5851b88814ebcb8e13737f7e1c, type: 2}
      propertyPath: m_LocalRotation.w
      value: 1
      objectReference: {fileID: 0}
    - target: {fileID: 4865275480502538, guid: e5a39c5851b88814ebcb8e13737f7e1c, type: 2}
      propertyPath: m_RootOrder
      value: 1
      objectReference: {fileID: 0}
    - target: {fileID: 4788089066035058, guid: e5a39c5851b88814ebcb8e13737f7e1c, type: 2}
      propertyPath: m_LocalPosition.x
      value: 0.41
      objectReference: {fileID: 0}
    - target: {fileID: 114812916159750068, guid: e5a39c5851b88814ebcb8e13737f7e1c,
        type: 2}
      propertyPath: m_CrouchSpeed
      value: 1
      objectReference: {fileID: 0}
    - target: {fileID: 4761772897993394, guid: e5a39c5851b88814ebcb8e13737f7e1c, type: 2}
      propertyPath: m_RootOrder
      value: 3
      objectReference: {fileID: 0}
    - target: {fileID: 4260892174341184, guid: e5a39c5851b88814ebcb8e13737f7e1c, type: 2}
      propertyPath: m_RootOrder
      value: 1
      objectReference: {fileID: 0}
    - target: {fileID: 4104985518114504, guid: e5a39c5851b88814ebcb8e13737f7e1c, type: 2}
      propertyPath: m_RootOrder
      value: 2
      objectReference: {fileID: 0}
    - target: {fileID: 4105424772717258, guid: e5a39c5851b88814ebcb8e13737f7e1c, type: 2}
      propertyPath: m_RootOrder
      value: 0
      objectReference: {fileID: 0}
    - target: {fileID: 4788089066035058, guid: e5a39c5851b88814ebcb8e13737f7e1c, type: 2}
      propertyPath: m_RootOrder
      value: 4
      objectReference: {fileID: 0}
    m_RemovedComponents: []
  m_SourcePrefab: {fileID: 100100000, guid: e5a39c5851b88814ebcb8e13737f7e1c, type: 2}
  m_IsPrefabAsset: 0
--- !u!1001 &1200322590
Prefab:
  m_ObjectHideFlags: 0
  serializedVersion: 2
  m_Modification:
    m_TransformParent: {fileID: 0}
    m_Modifications:
    - target: {fileID: 4508724413433414, guid: 4bf882e325232a748ab31463564240a1, type: 2}
      propertyPath: m_LocalPosition.x
      value: -9.974305
      objectReference: {fileID: 0}
    - target: {fileID: 4508724413433414, guid: 4bf882e325232a748ab31463564240a1, type: 2}
      propertyPath: m_LocalPosition.y
      value: 0.67
      objectReference: {fileID: 0}
    - target: {fileID: 4508724413433414, guid: 4bf882e325232a748ab31463564240a1, type: 2}
      propertyPath: m_LocalPosition.z
      value: 0.1640625
      objectReference: {fileID: 0}
    - target: {fileID: 4508724413433414, guid: 4bf882e325232a748ab31463564240a1, type: 2}
      propertyPath: m_LocalRotation.x
      value: 0
      objectReference: {fileID: 0}
    - target: {fileID: 4508724413433414, guid: 4bf882e325232a748ab31463564240a1, type: 2}
      propertyPath: m_LocalRotation.y
      value: 0
      objectReference: {fileID: 0}
    - target: {fileID: 4508724413433414, guid: 4bf882e325232a748ab31463564240a1, type: 2}
      propertyPath: m_LocalRotation.z
      value: 0
      objectReference: {fileID: 0}
    - target: {fileID: 4508724413433414, guid: 4bf882e325232a748ab31463564240a1, type: 2}
      propertyPath: m_LocalRotation.w
      value: 1
      objectReference: {fileID: 0}
    - target: {fileID: 4508724413433414, guid: 4bf882e325232a748ab31463564240a1, type: 2}
      propertyPath: m_RootOrder
      value: 0
      objectReference: {fileID: 0}
    m_RemovedComponents: []
  m_SourcePrefab: {fileID: 100100000, guid: 4bf882e325232a748ab31463564240a1, type: 2}
  m_IsPrefabAsset: 0
--- !u!1001 &1714510889
Prefab:
  m_ObjectHideFlags: 0
  serializedVersion: 2
  m_Modification:
    m_TransformParent: {fileID: 0}
    m_Modifications:
    - target: {fileID: 4926010431445844, guid: 7ef7c29a950438f4ea7e5b7119f9d78f, type: 2}
      propertyPath: m_LocalPosition.x
      value: -2.043
      objectReference: {fileID: 0}
    - target: {fileID: 4926010431445844, guid: 7ef7c29a950438f4ea7e5b7119f9d78f, type: 2}
      propertyPath: m_LocalPosition.y
      value: -0.568
      objectReference: {fileID: 0}
    - target: {fileID: 4926010431445844, guid: 7ef7c29a950438f4ea7e5b7119f9d78f, type: 2}
      propertyPath: m_LocalPosition.z
      value: 0
      objectReference: {fileID: 0}
    - target: {fileID: 4926010431445844, guid: 7ef7c29a950438f4ea7e5b7119f9d78f, type: 2}
      propertyPath: m_LocalRotation.x
      value: -0
      objectReference: {fileID: 0}
    - target: {fileID: 4926010431445844, guid: 7ef7c29a950438f4ea7e5b7119f9d78f, type: 2}
      propertyPath: m_LocalRotation.y
      value: -0
      objectReference: {fileID: 0}
    - target: {fileID: 4926010431445844, guid: 7ef7c29a950438f4ea7e5b7119f9d78f, type: 2}
      propertyPath: m_LocalRotation.z
      value: -0
      objectReference: {fileID: 0}
    - target: {fileID: 4926010431445844, guid: 7ef7c29a950438f4ea7e5b7119f9d78f, type: 2}
      propertyPath: m_LocalRotation.w
      value: 1
      objectReference: {fileID: 0}
    - target: {fileID: 4926010431445844, guid: 7ef7c29a950438f4ea7e5b7119f9d78f, type: 2}
      propertyPath: m_RootOrder
      value: 6
      objectReference: {fileID: 0}
    m_RemovedComponents: []
  m_SourcePrefab: {fileID: 100100000, guid: 7ef7c29a950438f4ea7e5b7119f9d78f, type: 2}
  m_IsPrefabAsset: 0
