%YAML 1.1
%TAG !u! tag:unity3d.com,2011:
--- !u!29 &1
OcclusionCullingSettings:
  m_ObjectHideFlags: 0
  serializedVersion: 2
  m_OcclusionBakeSettings:
    smallestOccluder: 5
    smallestHole: 0.25
    backfaceThreshold: 100
  m_SceneGUID: 00000000000000000000000000000000
  m_OcclusionCullingData: {fileID: 0}
--- !u!104 &2
RenderSettings:
  m_ObjectHideFlags: 0
  serializedVersion: 9
  m_Fog: 0
  m_FogColor: {r: 0.5, g: 0.5, b: 0.5, a: 1}
  m_FogMode: 3
  m_FogDensity: 0.01
  m_LinearFogStart: 0
  m_LinearFogEnd: 300
  m_AmbientSkyColor: {r: 0.212, g: 0.227, b: 0.259, a: 1}
  m_AmbientEquatorColor: {r: 0.114, g: 0.125, b: 0.133, a: 1}
  m_AmbientGroundColor: {r: 0.047, g: 0.043, b: 0.035, a: 1}
  m_AmbientIntensity: 1
  m_AmbientMode: 3
  m_SubtractiveShadowColor: {r: 0.42, g: 0.478, b: 0.627, a: 1}
  m_SkyboxMaterial: {fileID: 0}
  m_HaloStrength: 0.5
  m_FlareStrength: 1
  m_FlareFadeSpeed: 3
  m_HaloTexture: {fileID: 0}
  m_SpotCookie: {fileID: 10001, guid: 0000000000000000e000000000000000, type: 0}
  m_DefaultReflectionMode: 0
  m_DefaultReflectionResolution: 128
  m_ReflectionBounces: 1
  m_ReflectionIntensity: 1
  m_CustomReflection: {fileID: 0}
  m_Sun: {fileID: 0}
  m_IndirectSpecularColor: {r: 0, g: 0, b: 0, a: 1}
  m_UseRadianceAmbientProbe: 0
--- !u!157 &3
LightmapSettings:
  m_ObjectHideFlags: 0
  serializedVersion: 11
  m_GIWorkflowMode: 1
  m_GISettings:
    serializedVersion: 2
    m_BounceScale: 1
    m_IndirectOutputScale: 1
    m_AlbedoBoost: 1
    m_TemporalCoherenceThreshold: 1
    m_EnvironmentLightingMode: 0
    m_EnableBakedLightmaps: 0
    m_EnableRealtimeLightmaps: 0
  m_LightmapEditorSettings:
    serializedVersion: 10
    m_Resolution: 2
    m_BakeResolution: 40
    m_AtlasSize: 1024
    m_AO: 0
    m_AOMaxDistance: 1
    m_CompAOExponent: 1
    m_CompAOExponentDirect: 0
    m_Padding: 2
    m_LightmapParameters: {fileID: 0}
    m_LightmapsBakeMode: 1
    m_TextureCompression: 1
    m_FinalGather: 0
    m_FinalGatherFiltering: 1
    m_FinalGatherRayCount: 256
    m_ReflectionCompression: 2
    m_MixedBakeMode: 2
    m_BakeBackend: 1
    m_PVRSampling: 1
    m_PVRDirectSampleCount: 32
    m_PVRSampleCount: 500
    m_PVRBounces: 2
    m_PVRFilterTypeDirect: 0
    m_PVRFilterTypeIndirect: 0
    m_PVRFilterTypeAO: 0
    m_PVRFilteringMode: 1
    m_PVRCulling: 1
    m_PVRFilteringGaussRadiusDirect: 1
    m_PVRFilteringGaussRadiusIndirect: 5
    m_PVRFilteringGaussRadiusAO: 2
    m_PVRFilteringAtrousPositionSigmaDirect: 0.5
    m_PVRFilteringAtrousPositionSigmaIndirect: 2
    m_PVRFilteringAtrousPositionSigmaAO: 1
    m_ShowResolutionOverlay: 1
  m_LightingDataAsset: {fileID: 0}
  m_UseShadowmask: 1
--- !u!196 &4
NavMeshSettings:
  serializedVersion: 2
  m_ObjectHideFlags: 0
  m_BuildSettings:
    serializedVersion: 2
    agentTypeID: 0
    agentRadius: 0.5
    agentHeight: 2
    agentSlope: 45
    agentClimb: 0.4
    ledgeDropHeight: 0
    maxJumpAcrossDistance: 0
    minRegionArea: 2
    manualCellSize: 0
    cellSize: 0.16666667
    manualTileSize: 0
    tileSize: 256
    accuratePlacement: 0
    debug:
      m_Flags: 0
  m_NavMeshData: {fileID: 0}
--- !u!4 &89975043 stripped
Transform:
  m_CorrespondingSourceObject: {fileID: 4761772897993394, guid: e5a39c5851b88814ebcb8e13737f7e1c,
    type: 2}
  m_PrefabInternal: {fileID: 1849466590}
--- !u!1001 &111717401
Prefab:
  m_ObjectHideFlags: 0
  serializedVersion: 2
  m_Modification:
    m_TransformParent: {fileID: 0}
    m_Modifications:
    - target: {fileID: 4978522863533698, guid: 37813ecaae492c94ea63ad9a6c66a6bd, type: 2}
      propertyPath: m_LocalPosition.x
      value: 3.96
      objectReference: {fileID: 0}
    - target: {fileID: 4978522863533698, guid: 37813ecaae492c94ea63ad9a6c66a6bd, type: 2}
      propertyPath: m_LocalPosition.y
      value: -1.97
      objectReference: {fileID: 0}
    - target: {fileID: 4978522863533698, guid: 37813ecaae492c94ea63ad9a6c66a6bd, type: 2}
      propertyPath: m_LocalPosition.z
      value: 0
      objectReference: {fileID: 0}
    - target: {fileID: 4978522863533698, guid: 37813ecaae492c94ea63ad9a6c66a6bd, type: 2}
      propertyPath: m_LocalRotation.x
      value: -0
      objectReference: {fileID: 0}
    - target: {fileID: 4978522863533698, guid: 37813ecaae492c94ea63ad9a6c66a6bd, type: 2}
      propertyPath: m_LocalRotation.y
      value: -0
      objectReference: {fileID: 0}
    - target: {fileID: 4978522863533698, guid: 37813ecaae492c94ea63ad9a6c66a6bd, type: 2}
      propertyPath: m_LocalRotation.z
      value: -0
      objectReference: {fileID: 0}
    - target: {fileID: 4978522863533698, guid: 37813ecaae492c94ea63ad9a6c66a6bd, type: 2}
      propertyPath: m_LocalRotation.w
      value: 1
      objectReference: {fileID: 0}
    - target: {fileID: 4978522863533698, guid: 37813ecaae492c94ea63ad9a6c66a6bd, type: 2}
      propertyPath: m_RootOrder
      value: 3
      objectReference: {fileID: 0}
    - target: {fileID: 114638303121496720, guid: 37813ecaae492c94ea63ad9a6c66a6bd,
        type: 2}
      propertyPath: figure
      value: 0
      objectReference: {fileID: 0}
    m_RemovedComponents: []
  m_SourcePrefab: {fileID: 100100000, guid: 37813ecaae492c94ea63ad9a6c66a6bd, type: 2}
  m_IsPrefabAsset: 0
--- !u!4 &198636273 stripped
Transform:
  m_CorrespondingSourceObject: {fileID: 4788089066035058, guid: e5a39c5851b88814ebcb8e13737f7e1c,
    type: 2}
  m_PrefabInternal: {fileID: 1849466590}
--- !u!1001 &309108971
Prefab:
  m_ObjectHideFlags: 0
  serializedVersion: 2
  m_Modification:
    m_TransformParent: {fileID: 0}
    m_Modifications:
    - target: {fileID: 4517567025609094, guid: b4a5cad8be22aa344810f433399827a1, type: 2}
      propertyPath: m_LocalPosition.x
      value: -1.9991038
      objectReference: {fileID: 0}
    - target: {fileID: 4517567025609094, guid: b4a5cad8be22aa344810f433399827a1, type: 2}
      propertyPath: m_LocalPosition.y
      value: -1.7709024
      objectReference: {fileID: 0}
    - target: {fileID: 4517567025609094, guid: b4a5cad8be22aa344810f433399827a1, type: 2}
      propertyPath: m_LocalPosition.z
      value: 0
      objectReference: {fileID: 0}
    - target: {fileID: 4517567025609094, guid: b4a5cad8be22aa344810f433399827a1, type: 2}
      propertyPath: m_LocalRotation.x
      value: 0
      objectReference: {fileID: 0}
    - target: {fileID: 4517567025609094, guid: b4a5cad8be22aa344810f433399827a1, type: 2}
      propertyPath: m_LocalRotation.y
      value: 0
      objectReference: {fileID: 0}
    - target: {fileID: 4517567025609094, guid: b4a5cad8be22aa344810f433399827a1, type: 2}
      propertyPath: m_LocalRotation.z
      value: 0
      objectReference: {fileID: 0}
    - target: {fileID: 4517567025609094, guid: b4a5cad8be22aa344810f433399827a1, type: 2}
      propertyPath: m_LocalRotation.w
      value: 1
      objectReference: {fileID: 0}
    - target: {fileID: 4517567025609094, guid: b4a5cad8be22aa344810f433399827a1, type: 2}
      propertyPath: m_RootOrder
      value: 1
      objectReference: {fileID: 0}
    m_RemovedComponents: []
  m_SourcePrefab: {fileID: 100100000, guid: b4a5cad8be22aa344810f433399827a1, type: 2}
  m_IsPrefabAsset: 0
--- !u!1001 &479623376
Prefab:
  m_ObjectHideFlags: 0
  serializedVersion: 2
  m_Modification:
    m_TransformParent: {fileID: 0}
    m_Modifications:
    - target: {fileID: 4138220019417128, guid: ab3c70ba5937aaf4cac0491e2c580c1f, type: 2}
      propertyPath: m_LocalPosition.x
      value: 2.79
      objectReference: {fileID: 0}
    - target: {fileID: 4138220019417128, guid: ab3c70ba5937aaf4cac0491e2c580c1f, type: 2}
      propertyPath: m_LocalPosition.y
      value: -2.121
      objectReference: {fileID: 0}
    - target: {fileID: 4138220019417128, guid: ab3c70ba5937aaf4cac0491e2c580c1f, type: 2}
      propertyPath: m_LocalPosition.z
      value: 0
      objectReference: {fileID: 0}
    - target: {fileID: 4138220019417128, guid: ab3c70ba5937aaf4cac0491e2c580c1f, type: 2}
      propertyPath: m_LocalRotation.x
      value: -0
      objectReference: {fileID: 0}
    - target: {fileID: 4138220019417128, guid: ab3c70ba5937aaf4cac0491e2c580c1f, type: 2}
      propertyPath: m_LocalRotation.y
      value: -0
      objectReference: {fileID: 0}
    - target: {fileID: 4138220019417128, guid: ab3c70ba5937aaf4cac0491e2c580c1f, type: 2}
      propertyPath: m_LocalRotation.z
      value: -0
      objectReference: {fileID: 0}
    - target: {fileID: 4138220019417128, guid: ab3c70ba5937aaf4cac0491e2c580c1f, type: 2}
      propertyPath: m_LocalRotation.w
      value: 1
      objectReference: {fileID: 0}
    - target: {fileID: 4138220019417128, guid: ab3c70ba5937aaf4cac0491e2c580c1f, type: 2}
      propertyPath: m_RootOrder
      value: 8
      objectReference: {fileID: 0}
    - target: {fileID: 114305590252932530, guid: ab3c70ba5937aaf4cac0491e2c580c1f,
        type: 2}
      propertyPath: boxLayer.m_Bits
      value: 2048
      objectReference: {fileID: 0}
    - target: {fileID: 1795211456989710, guid: ab3c70ba5937aaf4cac0491e2c580c1f, type: 2}
      propertyPath: m_Layer
      value: 13
      objectReference: {fileID: 0}
    - target: {fileID: 1687922648765704, guid: ab3c70ba5937aaf4cac0491e2c580c1f, type: 2}
      propertyPath: m_Layer
      value: 13
      objectReference: {fileID: 0}
    - target: {fileID: 1284139329218734, guid: ab3c70ba5937aaf4cac0491e2c580c1f, type: 2}
      propertyPath: m_Layer
      value: 13
      objectReference: {fileID: 0}
    - target: {fileID: 1911020325548222, guid: ab3c70ba5937aaf4cac0491e2c580c1f, type: 2}
      propertyPath: m_Layer
      value: 13
      objectReference: {fileID: 0}
    - target: {fileID: 1854141284069028, guid: ab3c70ba5937aaf4cac0491e2c580c1f, type: 2}
      propertyPath: m_Layer
      value: 13
      objectReference: {fileID: 0}
    - target: {fileID: 1142476044305192, guid: ab3c70ba5937aaf4cac0491e2c580c1f, type: 2}
      propertyPath: m_Layer
      value: 13
      objectReference: {fileID: 0}
    - target: {fileID: 1817631353719616, guid: ab3c70ba5937aaf4cac0491e2c580c1f, type: 2}
      propertyPath: m_Layer
      value: 13
      objectReference: {fileID: 0}
    - target: {fileID: 1152495055478416, guid: ab3c70ba5937aaf4cac0491e2c580c1f, type: 2}
      propertyPath: m_Layer
      value: 13
      objectReference: {fileID: 0}
    - target: {fileID: 1082910874057154, guid: ab3c70ba5937aaf4cac0491e2c580c1f, type: 2}
      propertyPath: m_Layer
      value: 13
      objectReference: {fileID: 0}
    - target: {fileID: 1839992061345022, guid: ab3c70ba5937aaf4cac0491e2c580c1f, type: 2}
      propertyPath: m_Layer
      value: 13
      objectReference: {fileID: 0}
    - target: {fileID: 1396739870431872, guid: ab3c70ba5937aaf4cac0491e2c580c1f, type: 2}
      propertyPath: m_Layer
      value: 13
      objectReference: {fileID: 0}
    - target: {fileID: 1434432822613664, guid: ab3c70ba5937aaf4cac0491e2c580c1f, type: 2}
      propertyPath: m_Layer
      value: 13
      objectReference: {fileID: 0}
    - target: {fileID: 1795211456989710, guid: ab3c70ba5937aaf4cac0491e2c580c1f, type: 2}
      propertyPath: m_IsActive
      value: 0
      objectReference: {fileID: 0}
    m_RemovedComponents: []
  m_SourcePrefab: {fileID: 100100000, guid: ab3c70ba5937aaf4cac0491e2c580c1f, type: 2}
  m_IsPrefabAsset: 0
--- !u!1001 &661321950
Prefab:
  m_ObjectHideFlags: 0
  serializedVersion: 2
  m_Modification:
    m_TransformParent: {fileID: 0}
    m_Modifications:
    - target: {fileID: 4147719638378360, guid: acea1e03b7b44204291e594aa52ebf1d, type: 2}
      propertyPath: m_LocalPosition.x
      value: 0
      objectReference: {fileID: 0}
    - target: {fileID: 4147719638378360, guid: acea1e03b7b44204291e594aa52ebf1d, type: 2}
      propertyPath: m_LocalPosition.y
      value: -2.121
      objectReference: {fileID: 0}
    - target: {fileID: 4147719638378360, guid: acea1e03b7b44204291e594aa52ebf1d, type: 2}
      propertyPath: m_LocalPosition.z
      value: 0
      objectReference: {fileID: 0}
    - target: {fileID: 4147719638378360, guid: acea1e03b7b44204291e594aa52ebf1d, type: 2}
      propertyPath: m_LocalRotation.x
      value: -0
      objectReference: {fileID: 0}
    - target: {fileID: 4147719638378360, guid: acea1e03b7b44204291e594aa52ebf1d, type: 2}
      propertyPath: m_LocalRotation.y
      value: -0
      objectReference: {fileID: 0}
    - target: {fileID: 4147719638378360, guid: acea1e03b7b44204291e594aa52ebf1d, type: 2}
      propertyPath: m_LocalRotation.z
      value: -0
      objectReference: {fileID: 0}
    - target: {fileID: 4147719638378360, guid: acea1e03b7b44204291e594aa52ebf1d, type: 2}
      propertyPath: m_LocalRotation.w
      value: 1
      objectReference: {fileID: 0}
    - target: {fileID: 4147719638378360, guid: acea1e03b7b44204291e594aa52ebf1d, type: 2}
      propertyPath: m_RootOrder
      value: 7
      objectReference: {fileID: 0}
    - target: {fileID: 114128832930387956, guid: acea1e03b7b44204291e594aa52ebf1d,
        type: 2}
      propertyPath: boxLayer.m_Bits
      value: 2048
      objectReference: {fileID: 0}
    - target: {fileID: 1820874968187564, guid: acea1e03b7b44204291e594aa52ebf1d, type: 2}
      propertyPath: m_Layer
      value: 13
      objectReference: {fileID: 0}
    - target: {fileID: 1713105284444300, guid: acea1e03b7b44204291e594aa52ebf1d, type: 2}
      propertyPath: m_Layer
      value: 13
      objectReference: {fileID: 0}
    - target: {fileID: 1841579958524576, guid: acea1e03b7b44204291e594aa52ebf1d, type: 2}
      propertyPath: m_Layer
      value: 13
      objectReference: {fileID: 0}
    - target: {fileID: 1351706278783074, guid: acea1e03b7b44204291e594aa52ebf1d, type: 2}
      propertyPath: m_Layer
      value: 13
      objectReference: {fileID: 0}
    - target: {fileID: 1069537958519974, guid: acea1e03b7b44204291e594aa52ebf1d, type: 2}
      propertyPath: m_Layer
      value: 13
      objectReference: {fileID: 0}
    - target: {fileID: 1597676368502976, guid: acea1e03b7b44204291e594aa52ebf1d, type: 2}
      propertyPath: m_Layer
      value: 13
      objectReference: {fileID: 0}
    - target: {fileID: 1272414122533310, guid: acea1e03b7b44204291e594aa52ebf1d, type: 2}
      propertyPath: m_Layer
      value: 13
      objectReference: {fileID: 0}
    - target: {fileID: 1679357735806874, guid: acea1e03b7b44204291e594aa52ebf1d, type: 2}
      propertyPath: m_Layer
      value: 13
      objectReference: {fileID: 0}
    - target: {fileID: 1020498689747040, guid: acea1e03b7b44204291e594aa52ebf1d, type: 2}
      propertyPath: m_Layer
      value: 13
      objectReference: {fileID: 0}
    - target: {fileID: 1125998485060536, guid: acea1e03b7b44204291e594aa52ebf1d, type: 2}
      propertyPath: m_Layer
      value: 13
      objectReference: {fileID: 0}
    - target: {fileID: 1276782520179466, guid: acea1e03b7b44204291e594aa52ebf1d, type: 2}
      propertyPath: m_Layer
      value: 13
      objectReference: {fileID: 0}
    - target: {fileID: 1823466269434382, guid: acea1e03b7b44204291e594aa52ebf1d, type: 2}
      propertyPath: m_Layer
      value: 13
      objectReference: {fileID: 0}
    - target: {fileID: 1562633719008248, guid: acea1e03b7b44204291e594aa52ebf1d, type: 2}
      propertyPath: m_Layer
      value: 13
      objectReference: {fileID: 0}
    - target: {fileID: 1946772831587866, guid: acea1e03b7b44204291e594aa52ebf1d, type: 2}
      propertyPath: m_Layer
      value: 13
      objectReference: {fileID: 0}
    - target: {fileID: 114128832930387956, guid: acea1e03b7b44204291e594aa52ebf1d,
        type: 2}
      propertyPath: figure
      value: 1
      objectReference: {fileID: 0}
    m_RemovedComponents: []
  m_SourcePrefab: {fileID: 100100000, guid: acea1e03b7b44204291e594aa52ebf1d, type: 2}
  m_IsPrefabAsset: 0
--- !u!1001 &671580527
Prefab:
  m_ObjectHideFlags: 0
  serializedVersion: 2
  m_Modification:
    m_TransformParent: {fileID: 0}
    m_Modifications:
    - target: {fileID: 4656810760999080, guid: 2035da3e596394f4f83c7fdafca168c2, type: 2}
      propertyPath: m_LocalPosition.x
      value: 2.89
      objectReference: {fileID: 0}
    - target: {fileID: 4656810760999080, guid: 2035da3e596394f4f83c7fdafca168c2, type: 2}
      propertyPath: m_LocalPosition.y
      value: -2.1406975
      objectReference: {fileID: 0}
    - target: {fileID: 4656810760999080, guid: 2035da3e596394f4f83c7fdafca168c2, type: 2}
      propertyPath: m_LocalPosition.z
      value: 0
      objectReference: {fileID: 0}
    - target: {fileID: 4656810760999080, guid: 2035da3e596394f4f83c7fdafca168c2, type: 2}
      propertyPath: m_LocalRotation.x
      value: 0
      objectReference: {fileID: 0}
    - target: {fileID: 4656810760999080, guid: 2035da3e596394f4f83c7fdafca168c2, type: 2}
      propertyPath: m_LocalRotation.y
      value: 0
      objectReference: {fileID: 0}
    - target: {fileID: 4656810760999080, guid: 2035da3e596394f4f83c7fdafca168c2, type: 2}
      propertyPath: m_LocalRotation.z
      value: 0
      objectReference: {fileID: 0}
    - target: {fileID: 4656810760999080, guid: 2035da3e596394f4f83c7fdafca168c2, type: 2}
      propertyPath: m_LocalRotation.w
      value: 1
      objectReference: {fileID: 0}
    - target: {fileID: 4656810760999080, guid: 2035da3e596394f4f83c7fdafca168c2, type: 2}
      propertyPath: m_RootOrder
      value: 2
      objectReference: {fileID: 0}
    m_RemovedComponents: []
  m_SourcePrefab: {fileID: 100100000, guid: 2035da3e596394f4f83c7fdafca168c2, type: 2}
  m_IsPrefabAsset: 0
--- !u!1 &695033864 stripped
GameObject:
  m_CorrespondingSourceObject: {fileID: 1660723511293290, guid: e5a39c5851b88814ebcb8e13737f7e1c,
    type: 2}
  m_PrefabInternal: {fileID: 1849466590}
--- !u!1 &744576144
GameObject:
  m_ObjectHideFlags: 0
  m_CorrespondingSourceObject: {fileID: 0}
  m_PrefabInternal: {fileID: 0}
  serializedVersion: 6
  m_Component:
  - component: {fileID: 744576145}
  - component: {fileID: 744576147}
  - component: {fileID: 744576146}
  m_Layer: 12
  m_Name: Grabber
  m_TagString: Untagged
  m_Icon: {fileID: 0}
  m_NavMeshLayer: 0
  m_StaticEditorFlags: 0
  m_IsActive: 1
--- !u!4 &744576145
Transform:
  m_ObjectHideFlags: 0
  m_CorrespondingSourceObject: {fileID: 0}
  m_PrefabInternal: {fileID: 0}
  m_GameObject: {fileID: 744576144}
  m_LocalRotation: {x: 0, y: 0, z: 0, w: 1}
  m_LocalPosition: {x: 0, y: 0, z: 0}
  m_LocalScale: {x: 1, y: 1, z: 1}
  m_Children: []
  m_Father: {fileID: 1065177479}
  m_RootOrder: 5
  m_LocalEulerAnglesHint: {x: 0, y: 0, z: 0}
--- !u!114 &744576146
MonoBehaviour:
  m_ObjectHideFlags: 0
  m_CorrespondingSourceObject: {fileID: 0}
  m_PrefabInternal: {fileID: 0}
  m_GameObject: {fileID: 744576144}
  m_Enabled: 1
  m_EditorHideFlags: 0
  m_Script: {fileID: 11500000, guid: 2ad37f7488d505b44ac6c21f82c121b9, type: 3}
  m_Name: 
  m_EditorClassIdentifier: 
  controller: {fileID: 11400000, guid: 953941884bd79f44f8ab72a241e5f41e, type: 2}
  anim: {fileID: 1065177471}
  action_button: {fileID: 695033864}
  playerRB: {fileID: 1065177477}
  smallBox_Pos: {fileID: 198636273}
  bigBox_Pos: {fileID: 89975043}
  detector_collider: {fileID: 744576147}
--- !u!61 &744576147
BoxCollider2D:
  m_ObjectHideFlags: 0
  m_CorrespondingSourceObject: {fileID: 0}
  m_PrefabInternal: {fileID: 0}
  m_GameObject: {fileID: 744576144}
  m_Enabled: 1
  m_Density: 1
  m_Material: {fileID: 0}
  m_IsTrigger: 1
  m_UsedByEffector: 0
  m_UsedByComposite: 0
  m_Offset: {x: 0.20355551, y: -0.22994244}
  m_SpriteTilingProperty:
    border: {x: 0, y: 0, z: 0, w: 0}
    pivot: {x: 0.5, y: 0.5}
    oldSize: {x: 1, y: 1}
    newSize: {x: 1, y: 1}
    adaptiveTilingThreshold: 0.5
    drawMode: 0
    adaptiveTiling: 0
  m_AutoTiling: 0
  serializedVersion: 2
  m_Size: {x: 0.42702898, y: 0.31394267}
  m_EdgeRadius: 0
--- !u!1001 &812495915
Prefab:
  m_ObjectHideFlags: 0
  serializedVersion: 2
  m_Modification:
    m_TransformParent: {fileID: 0}
    m_Modifications:
    - target: {fileID: 4505168841618980, guid: 00860321f74d62646a595979b7823793, type: 2}
      propertyPath: m_LocalPosition.x
      value: -2.96
      objectReference: {fileID: 0}
    - target: {fileID: 4505168841618980, guid: 00860321f74d62646a595979b7823793, type: 2}
      propertyPath: m_LocalPosition.y
      value: -2.2
      objectReference: {fileID: 0}
    - target: {fileID: 4505168841618980, guid: 00860321f74d62646a595979b7823793, type: 2}
      propertyPath: m_LocalPosition.z
      value: 0
      objectReference: {fileID: 0}
    - target: {fileID: 4505168841618980, guid: 00860321f74d62646a595979b7823793, type: 2}
      propertyPath: m_LocalRotation.x
      value: 0
      objectReference: {fileID: 0}
    - target: {fileID: 4505168841618980, guid: 00860321f74d62646a595979b7823793, type: 2}
      propertyPath: m_LocalRotation.y
      value: 0
      objectReference: {fileID: 0}
    - target: {fileID: 4505168841618980, guid: 00860321f74d62646a595979b7823793, type: 2}
      propertyPath: m_LocalRotation.z
      value: 0
      objectReference: {fileID: 0}
    - target: {fileID: 4505168841618980, guid: 00860321f74d62646a595979b7823793, type: 2}
      propertyPath: m_LocalRotation.w
      value: 1
      objectReference: {fileID: 0}
    - target: {fileID: 4505168841618980, guid: 00860321f74d62646a595979b7823793, type: 2}
      propertyPath: m_RootOrder
      value: 5
      objectReference: {fileID: 0}
    m_RemovedComponents: []
  m_SourcePrefab: {fileID: 100100000, guid: 00860321f74d62646a595979b7823793, type: 2}
  m_IsPrefabAsset: 0
--- !u!95 &1065177471 stripped
Animator:
  m_CorrespondingSourceObject: {fileID: 95786705146665046, guid: e5a39c5851b88814ebcb8e13737f7e1c,
    type: 2}
  m_PrefabInternal: {fileID: 1849466590}
--- !u!50 &1065177477 stripped
Rigidbody2D:
  m_CorrespondingSourceObject: {fileID: 50104617292771494, guid: e5a39c5851b88814ebcb8e13737f7e1c,
    type: 2}
  m_PrefabInternal: {fileID: 1849466590}
--- !u!4 &1065177479 stripped
Transform:
  m_CorrespondingSourceObject: {fileID: 4865275480502538, guid: e5a39c5851b88814ebcb8e13737f7e1c,
    type: 2}
  m_PrefabInternal: {fileID: 1849466590}
--- !u!1001 &1435161961
Prefab:
  m_ObjectHideFlags: 0
  serializedVersion: 2
  m_Modification:
    m_TransformParent: {fileID: 0}
    m_Modifications:
    - target: {fileID: 4504040830258316, guid: d97e19ace88f9b94a9b470447d94b0a6, type: 2}
      propertyPath: m_LocalPosition.x
      value: 4.78
      objectReference: {fileID: 0}
    - target: {fileID: 4504040830258316, guid: d97e19ace88f9b94a9b470447d94b0a6, type: 2}
      propertyPath: m_LocalPosition.y
      value: -2.121
      objectReference: {fileID: 0}
    - target: {fileID: 4504040830258316, guid: d97e19ace88f9b94a9b470447d94b0a6, type: 2}
      propertyPath: m_LocalPosition.z
      value: 0
      objectReference: {fileID: 0}
    - target: {fileID: 4504040830258316, guid: d97e19ace88f9b94a9b470447d94b0a6, type: 2}
      propertyPath: m_LocalRotation.x
      value: -0
      objectReference: {fileID: 0}
    - target: {fileID: 4504040830258316, guid: d97e19ace88f9b94a9b470447d94b0a6, type: 2}
      propertyPath: m_LocalRotation.y
      value: -0
      objectReference: {fileID: 0}
    - target: {fileID: 4504040830258316, guid: d97e19ace88f9b94a9b470447d94b0a6, type: 2}
      propertyPath: m_LocalRotation.z
      value: -0
      objectReference: {fileID: 0}
    - target: {fileID: 4504040830258316, guid: d97e19ace88f9b94a9b470447d94b0a6, type: 2}
      propertyPath: m_LocalRotation.w
      value: 1
      objectReference: {fileID: 0}
    - target: {fileID: 4504040830258316, guid: d97e19ace88f9b94a9b470447d94b0a6, type: 2}
      propertyPath: m_RootOrder
      value: 9
      objectReference: {fileID: 0}
    - target: {fileID: 114767167599223858, guid: d97e19ace88f9b94a9b470447d94b0a6,
        type: 2}
      propertyPath: boxLayer.m_Bits
      value: 2048
      objectReference: {fileID: 0}
    - target: {fileID: 1108691217123952, guid: d97e19ace88f9b94a9b470447d94b0a6, type: 2}
      propertyPath: m_Layer
      value: 13
      objectReference: {fileID: 0}
    - target: {fileID: 1500870892193658, guid: d97e19ace88f9b94a9b470447d94b0a6, type: 2}
      propertyPath: m_Layer
      value: 13
      objectReference: {fileID: 0}
    - target: {fileID: 1666987699895106, guid: d97e19ace88f9b94a9b470447d94b0a6, type: 2}
      propertyPath: m_Layer
      value: 13
      objectReference: {fileID: 0}
    - target: {fileID: 1821121684549502, guid: d97e19ace88f9b94a9b470447d94b0a6, type: 2}
      propertyPath: m_Layer
      value: 13
      objectReference: {fileID: 0}
    - target: {fileID: 1619384503147504, guid: d97e19ace88f9b94a9b470447d94b0a6, type: 2}
      propertyPath: m_Layer
      value: 13
      objectReference: {fileID: 0}
    - target: {fileID: 1103467295754282, guid: d97e19ace88f9b94a9b470447d94b0a6, type: 2}
      propertyPath: m_Layer
      value: 13
      objectReference: {fileID: 0}
    - target: {fileID: 1255888343223338, guid: d97e19ace88f9b94a9b470447d94b0a6, type: 2}
      propertyPath: m_Layer
      value: 13
      objectReference: {fileID: 0}
    - target: {fileID: 1918938351232390, guid: d97e19ace88f9b94a9b470447d94b0a6, type: 2}
      propertyPath: m_Layer
      value: 13
      objectReference: {fileID: 0}
    - target: {fileID: 1694849217083242, guid: d97e19ace88f9b94a9b470447d94b0a6, type: 2}
      propertyPath: m_Layer
      value: 13
      objectReference: {fileID: 0}
    - target: {fileID: 1204699080738752, guid: d97e19ace88f9b94a9b470447d94b0a6, type: 2}
      propertyPath: m_Layer
      value: 13
      objectReference: {fileID: 0}
    - target: {fileID: 1108691217123952, guid: d97e19ace88f9b94a9b470447d94b0a6, type: 2}
      propertyPath: m_IsActive
      value: 0
      objectReference: {fileID: 0}
    m_RemovedComponents: []
  m_SourcePrefab: {fileID: 100100000, guid: d97e19ace88f9b94a9b470447d94b0a6, type: 2}
  m_IsPrefabAsset: 0
--- !u!1001 &1444448915
Prefab:
  m_ObjectHideFlags: 0
  serializedVersion: 2
  m_Modification:
    m_TransformParent: {fileID: 0}
    m_Modifications:
    - target: {fileID: 4508724413433414, guid: 4bf882e325232a748ab31463564240a1, type: 2}
      propertyPath: m_LocalPosition.x
      value: -9.974305
      objectReference: {fileID: 0}
    - target: {fileID: 4508724413433414, guid: 4bf882e325232a748ab31463564240a1, type: 2}
      propertyPath: m_LocalPosition.y
      value: -1.2619299
      objectReference: {fileID: 0}
    - target: {fileID: 4508724413433414, guid: 4bf882e325232a748ab31463564240a1, type: 2}
      propertyPath: m_LocalPosition.z
      value: 0.1640625
      objectReference: {fileID: 0}
    - target: {fileID: 4508724413433414, guid: 4bf882e325232a748ab31463564240a1, type: 2}
      propertyPath: m_LocalRotation.x
      value: 0
      objectReference: {fileID: 0}
    - target: {fileID: 4508724413433414, guid: 4bf882e325232a748ab31463564240a1, type: 2}
      propertyPath: m_LocalRotation.y
      value: 0
      objectReference: {fileID: 0}
    - target: {fileID: 4508724413433414, guid: 4bf882e325232a748ab31463564240a1, type: 2}
      propertyPath: m_LocalRotation.z
      value: 0
      objectReference: {fileID: 0}
    - target: {fileID: 4508724413433414, guid: 4bf882e325232a748ab31463564240a1, type: 2}
      propertyPath: m_LocalRotation.w
      value: 1
      objectReference: {fileID: 0}
    - target: {fileID: 4508724413433414, guid: 4bf882e325232a748ab31463564240a1, type: 2}
      propertyPath: m_RootOrder
      value: 0
      objectReference: {fileID: 0}
    m_RemovedComponents: []
  m_SourcePrefab: {fileID: 100100000, guid: 4bf882e325232a748ab31463564240a1, type: 2}
  m_IsPrefabAsset: 0
--- !u!1001 &1849466590
Prefab:
  m_ObjectHideFlags: 0
  serializedVersion: 2
  m_Modification:
    m_TransformParent: {fileID: 0}
    m_Modifications:
    - target: {fileID: 4865275480502538, guid: e5a39c5851b88814ebcb8e13737f7e1c, type: 2}
      propertyPath: m_LocalPosition.x
      value: -3.395
      objectReference: {fileID: 0}
    - target: {fileID: 4865275480502538, guid: e5a39c5851b88814ebcb8e13737f7e1c, type: 2}
      propertyPath: m_LocalPosition.y
      value: -1.996
      objectReference: {fileID: 0}
    - target: {fileID: 4865275480502538, guid: e5a39c5851b88814ebcb8e13737f7e1c, type: 2}
      propertyPath: m_LocalPosition.z
      value: 0.11150262
      objectReference: {fileID: 0}
    - target: {fileID: 4865275480502538, guid: e5a39c5851b88814ebcb8e13737f7e1c, type: 2}
      propertyPath: m_LocalRotation.x
      value: 0
      objectReference: {fileID: 0}
    - target: {fileID: 4865275480502538, guid: e5a39c5851b88814ebcb8e13737f7e1c, type: 2}
      propertyPath: m_LocalRotation.y
      value: 0
      objectReference: {fileID: 0}
    - target: {fileID: 4865275480502538, guid: e5a39c5851b88814ebcb8e13737f7e1c, type: 2}
      propertyPath: m_LocalRotation.z
      value: 0
      objectReference: {fileID: 0}
    - target: {fileID: 4865275480502538, guid: e5a39c5851b88814ebcb8e13737f7e1c, type: 2}
      propertyPath: m_LocalRotation.w
      value: 1
      objectReference: {fileID: 0}
    - target: {fileID: 4865275480502538, guid: e5a39c5851b88814ebcb8e13737f7e1c, type: 2}
      propertyPath: m_RootOrder
      value: 6
      objectReference: {fileID: 0}
    - target: {fileID: 61534777498333218, guid: e5a39c5851b88814ebcb8e13737f7e1c,
        type: 2}
      propertyPath: m_Enabled
      value: 1
      objectReference: {fileID: 0}
    m_RemovedComponents:
    - {fileID: 114170582442301494, guid: e5a39c5851b88814ebcb8e13737f7e1c, type: 2}
    - {fileID: 61534777498333218, guid: e5a39c5851b88814ebcb8e13737f7e1c, type: 2}
  m_SourcePrefab: {fileID: 100100000, guid: e5a39c5851b88814ebcb8e13737f7e1c, type: 2}
  m_IsPrefabAsset: 0
--- !u!1001 &1928947899
Prefab:
  m_ObjectHideFlags: 0
  serializedVersion: 2
  m_Modification:
    m_TransformParent: {fileID: 0}
    m_Modifications:
    - target: {fileID: 4902548371362690, guid: 600c06b4a2ed5f3459b5ba5fd3f6a3e1, type: 2}
      propertyPath: m_LocalPosition.x
      value: -4.78
      objectReference: {fileID: 0}
    - target: {fileID: 4902548371362690, guid: 600c06b4a2ed5f3459b5ba5fd3f6a3e1, type: 2}
      propertyPath: m_LocalPosition.y
      value: -1.97
      objectReference: {fileID: 0}
    - target: {fileID: 4902548371362690, guid: 600c06b4a2ed5f3459b5ba5fd3f6a3e1, type: 2}
      propertyPath: m_LocalPosition.z
      value: 0
      objectReference: {fileID: 0}
    - target: {fileID: 4902548371362690, guid: 600c06b4a2ed5f3459b5ba5fd3f6a3e1, type: 2}
      propertyPath: m_LocalRotation.x
      value: -0
      objectReference: {fileID: 0}
    - target: {fileID: 4902548371362690, guid: 600c06b4a2ed5f3459b5ba5fd3f6a3e1, type: 2}
      propertyPath: m_LocalRotation.y
      value: -0
      objectReference: {fileID: 0}
    - target: {fileID: 4902548371362690, guid: 600c06b4a2ed5f3459b5ba5fd3f6a3e1, type: 2}
      propertyPath: m_LocalRotation.z
      value: -0
      objectReference: {fileID: 0}
    - target: {fileID: 4902548371362690, guid: 600c06b4a2ed5f3459b5ba5fd3f6a3e1, type: 2}
      propertyPath: m_LocalRotation.w
      value: 1
      objectReference: {fileID: 0}
    - target: {fileID: 4902548371362690, guid: 600c06b4a2ed5f3459b5ba5fd3f6a3e1, type: 2}
      propertyPath: m_RootOrder
      value: 4
      objectReference: {fileID: 0}
    - target: {fileID: 114493869692558252, guid: 600c06b4a2ed5f3459b5ba5fd3f6a3e1,
        type: 2}
      propertyPath: figure
      value: 1
      objectReference: {fileID: 0}
    m_RemovedComponents: []
  m_SourcePrefab: {fileID: 100100000, guid: 600c06b4a2ed5f3459b5ba5fd3f6a3e1, type: 2}
  m_IsPrefabAsset: 0
